<record><leader>00000cas a22000007a 4500</leader><controlfield tag="001">11890639</controlfield><controlfield tag="008">850406d190u1927iauir ne      0    0eng d</controlfield><datafield ind1=" " ind2=" " tag="010"><subfield code="a">sn 85050784 </subfield></datafield><datafield ind1=" " ind2=" " tag="040"><subfield code="a">INP</subfield><subfield code="b">eng</subfield><subfield code="c">INP</subfield><subfield code="d">OCLCQ</subfield></datafield><datafield ind1="0" ind2=" " tag="130"><subfield code="a">Nevada evening journal (Nevada, Iowa : 1906)</subfield></datafield><datafield ind1="1" ind2="0" tag="245"><subfield code="a">Nevada evening journal.</subfield></datafield><datafield ind1=" " ind2=" " tag="260"><subfield code="a">Nevada, Iowa :</subfield><subfield code="b">Benjamin Bros.,</subfield><subfield code="c">-1927.</subfield></datafield><datafield ind1=" " ind2=" " tag="300"><subfield code="a">v. :</subfield><subfield code="b">ill.</subfield></datafield><datafield ind1="0" ind2=" " tag="362"><subfield code="a">-v. 32, no. 135 (Feb. 9, 1927).</subfield></datafield><datafield ind1=" " ind2=" " tag="500"><subfield code="a">Wednesday issue includes section: Colo evening journal, Nov. 17, 1926-1927.</subfield></datafield><datafield ind1=" " ind2=" " tag="588"><subfield code="a">Description based on: Vol. 12, no. 1 (Apr. 2, 1906).</subfield></datafield><datafield ind1=" " ind2=" " tag="752"><subfield code="a">United States</subfield><subfield code="b">Iowa</subfield><subfield code="c">Story</subfield><subfield code="d">Nevada.</subfield></datafield><datafield ind1=" " ind2=" " tag="752"><subfield code="a">United States</subfield><subfield code="b">Iowa</subfield><subfield code="c">Story</subfield><subfield code="d">Colo.</subfield></datafield><datafield ind1="0" ind2="0" tag="780"><subfield code="t">Twice-a-week Nevada journal</subfield><subfield code="w">(DLC)sn 85050783</subfield></datafield><datafield ind1="0" ind2="7" tag="785"><subfield code="t">Nevada representative</subfield><subfield code="w">(DLC)sn 84027325</subfield></datafield><datafield ind1="0" ind2="7" tag="785"><subfield code="t">Nevada evening journal and the Nevada representative</subfield><subfield code="w">(DLC)sn 85050785</subfield></datafield><datafield ind1="1" ind2=" " tag="787"><subfield code="t">Colo evening journal</subfield></datafield></record>